{
  "leader": "04454cam a2200481Ia 4500",
  "fields": [
    {
      "001": "ocm62525156\\"
    },
    {
      "003": "OCoLC"
    },
    {
      "005": "20220630161942.0"
    },
    {
      "008": "051205s2006\\\\\\\\dcua\\\\\\\\\\b\\\\\\\\001\\0\\eng\\\\"
    },
    {
      "010": {
        "ind1": "\\",
        "ind2": "\\",
        "subfields": [
          {
            "a": "  2005035457"
          }
        ]
      }
    },
    {
      "040": {
        "ind1": "\\",
        "ind2": "\\",
        "subfields": [
          {
            "a": "DLC"
          },
          {
            "b": "eng"
          },
          {
            "c": "DLC"
          },
          {
            "d": "VPI"
          },
          {
            "d": "C#P"
          },
          {
            "d": "BAKER"
          },
          {
            "d": "NPL"
          },
          {
            "d": "WIM"
          },
          {
            "d": "YDXCP"
          },
          {
            "d": "BTCTA"
          },
          {
            "d": "MUQ"
          },
          {
            "d": "CZL"
          },
          {
            "d": "HEBIS"
          },
          {
            "d": "OCLCQ"
          },
          {
            "d": "YUS"
          },
          {
            "d": "TUU"
          },
          {
            "d": "BDX"
          },
          {
            "d": "OCLCF"
          },
          {
            "d": "OCLCO"
          },
          {
            "d": "P4I"
          },
          {
            "d": "OCLCQ"
          },
          {
            "d": "SNC"
          },
          {
            "d": "PZS"
          },
          {
            "d": "EUQ"
          },
          {
            "d": "UWO"
          },
          {
            "d": "DCHUA"
          },
          {
            "d": "OCLCQ"
          },
          {
            "d": "OCLCO"
          }
        ]
      }
    },
    {
      "019": {
        "ind1": "\\",
        "ind2": "\\",
        "subfields": [
          {
            "a": "63129188"
          },
          {
            "a": "1022646357"
          },
          {
            "a": "1064048113"
          },
          {
            "a": "1071876892"
          },
          {
            "a": "1083388264"
          },
          {
            "a": "1201967261"
          }
        ]
      }
    },
    {
      "020": {
        "ind1": "\\",
        "ind2": "\\",
        "subfields": [
          {
            "a": "0877667276"
          },
          {
            "q": "(pbk. ;"
          },
          {
            "q": "alk. paper)"
          }
        ]
      }
    },
    {
      "020": {
        "ind1": "\\",
        "ind2": "\\",
        "subfields": [
          {
            "a": "9780877667278"
          },
          {
            "q": "(pbk. ;"
          },
          {
            "q": "alk. paper)"
          }
        ]
      }
    },
    {
      "024": {
        "ind1": "3",
        "ind2": "\\",
        "subfields": [
          {
            "a": "9780877667278"
          }
        ]
      }
    },
    {
      "035": {
        "ind1": "\\",
        "ind2": "\\",
        "subfields": [
          {
            "a": "(OCoLC)62525156"
          },
          {
            "z": "(OCoLC)63129188"
          },
          {
            "z": "(OCoLC)1022646357"
          },
          {
            "z": "(OCoLC)1064048113"
          },
          {
            "z": "(OCoLC)1071876892"
          },
          {
            "z": "(OCoLC)1083388264"
          },
          {
            "z": "(OCoLC)1201967261"
          }
        ]
      }
    },
    {
      "042": {
        "ind1": "\\",
        "ind2": "\\",
        "subfields": [
          {
            "a": "pcc"
          }
        ]
      }
    },
    {
      "043": {
        "ind1": "\\",
        "ind2": "\\",
        "subfields": [
          {
            "a": "n-us---"
          }
        ]
      }
    },
    {
      "050": {
        "ind1": "0",
        "ind2": "0",
        "subfields": [
          {
            "a": "HD8081.A65"
          },
          {
            "b": "B53 2006"
          }
        ]
      }
    },
    {
      "082": {
        "ind1": "0",
        "ind2": "0",
        "subfields": [
          {
            "a": "331.340810973"
          },
          {
            "b": "BLA"
          }
        ]
      }
    },
    {
      "245": {
        "ind1": "0",
        "ind2": "0",
        "subfields": [
          {
            "a": "Black males left behind /"
          },
          {
            "c": "edited by Ronald B. Mincy."
          }
        ]
      }
    },
    {
      "260": {
        "ind1": "\\",
        "ind2": "\\",
        "subfields": [
          {
            "a": "Washington, DC :"
          },
          {
            "b": "Urban Institute Press,"
          },
          {
            "c": "\u00a92006."
          }
        ]
      }
    },
    {
      "300": {
        "ind1": "\\",
        "ind2": "\\",
        "subfields": [
          {
            "a": "xvii, 326 pages :"
          },
          {
            "b": "illustrations ;"
          },
          {
            "c": "23 cm"
          }
        ]
      }
    },
    {
      "336": {
        "ind1": "\\",
        "ind2": "\\",
        "subfields": [
          {
            "a": "text"
          },
          {
            "b": "txt"
          },
          {
            "2": "rdacontent"
          }
        ]
      }
    },
    {
      "337": {
        "ind1": "\\",
        "ind2": "\\",
        "subfields": [
          {
            "a": "unmediated"
          },
          {
            "b": "n"
          },
          {
            "2": "rdamedia"
          }
        ]
      }
    },
    {
      "338": {
        "ind1": "\\",
        "ind2": "\\",
        "subfields": [
          {
            "a": "volume"
          },
          {
            "b": "nc"
          },
          {
            "2": "rdacarrier"
          }
        ]
      }
    },
    {
      "504": {
        "ind1": "\\",
        "ind2": "\\",
        "subfields": [
          {
            "a": "Includes bibliographical references and index."
          }
        ]
      }
    },
    {
      "505": {
        "ind1": "0",
        "ind2": "0",
        "subfields": [
          {
            "t": "Left behind: less-educated young black men left behind in the economic boom of the 1990s /"
          },
          {
            "r": "Ronald B. Mincy, Charles E. Lewis, Jr., and Wen-Jui Han --"
          },
          {
            "t": "Trends in the employment outcomes of young black men, 1979-2000 /"
          },
          {
            "r": "Harry J. Holzer and Paul Offner --"
          },
          {
            "t": "Forecasting the labor market prospects of less-educated Americans /"
          },
          {
            "r": "William M. Rodgers III --"
          },
          {
            "t": "How do employer perceptions of crime and incarceration affect the employment prospects of less-educated young black men? /"
          },
          {
            "r": "Harry J. Holzer, Steven Raphael, and Michael A. Stoll --"
          },
          {
            "t": "Are less-educated women crowding less-educated men out of the labor market? /"
          },
          {
            "r": "Rebecca M. Blank and Jonah Gelbach --"
          },
          {
            "t": "Did spatial mismatch affect male labor force participation during the 1990s expansion? /"
          },
          {
            "r": "John A. Foster-Bey, Jr. --"
          },
          {
            "t": "Low-income black men on work opportunity, work resources, and job training programs /"
          },
          {
            "r": "Alford A. Young, Jr. --"
          },
          {
            "t": "The availability and use of workforce development programs among less-educated youth /"
          },
          {
            "r": "Demetra Smith Nightingale and Elaine Sorensen --"
          },
          {
            "t": "Improving public policies to increase the income and employment of low-income nonresident fathers /"
          },
          {
            "r": "Wendell Primus --"
          },
          {
            "t": "Poor fathers and public policy: what is to be done? /"
          },
          {
            "r": "Ron Haskins --"
          },
          {
            "t": "Toward a fruitful policy discourse about less-educated young men /"
          },
          {
            "r": "Hillard Pouncy."
          }
        ]
      }
    },
    {
      "520": {
        "ind1": "\\",
        "ind2": "\\",
        "subfields": [
          {
            "a": "Despite the overall economic gains in the 1990s, many young black men continue to have the poorest life chances of anyone in our society. In \"Black Males Left Behind,\" Ronald Mincy has assembled a distinguished group of experts who examine how less-educated black men fared relative to other less-educated young people during the economic expansion of the 1990s and why. Chapters explore the roles of the macroeconomy, the deconcentration of blue-collar employment, criminal justice policy, and the employment aspirations of young less-educated black men and consider their implications for the design of employment services, welfare-to-work policies, workforce development policy, and child support enforcement. Two chapters comprehensively review policy opportunities to assist less-educated young black fathers and discuss how to overcome political resistance to initiatives serving less-educated black men. This book makes a compelling case for greater public attention to a serious domestic problem. -- From product description."
          }
        ]
      }
    },
    {
      "650": {
        "ind1": "\\",
        "ind2": "0",
        "subfields": [
          {
            "a": "African Americans"
          },
          {
            "x": "Employment."
          }
        ]
      }
    },
    {
      "650": {
        "ind1": "\\",
        "ind2": "0",
        "subfields": [
          {
            "a": "Men"
          },
          {
            "x": "Employment"
          },
          {
            "z": "United States."
          }
        ]
      }
    },
    {
      "650": {
        "ind1": "\\",
        "ind2": "0",
        "subfields": [
          {
            "a": "Blue collar workers"
          },
          {
            "z": "United States."
          }
        ]
      }
    },
    {
      "650": {
        "ind1": "\\",
        "ind2": "7",
        "subfields": [
          {
            "a": "African Americans"
          },
          {
            "x": "Employment."
          },
          {
            "2": "fast"
          },
          {
            "0": "(OCoLC)fst00799610"
          }
        ]
      }
    },
    {
      "650": {
        "ind1": "\\",
        "ind2": "7",
        "subfields": [
          {
            "a": "Blue collar workers."
          },
          {
            "2": "fast"
          },
          {
            "0": "(OCoLC)fst00834938"
          }
        ]
      }
    },
    {
      "650": {
        "ind1": "\\",
        "ind2": "7",
        "subfields": [
          {
            "a": "Men"
          },
          {
            "x": "Employment."
          },
          {
            "2": "fast"
          },
          {
            "0": "(OCoLC)fst01015995"
          }
        ]
      }
    },
    {
      "651": {
        "ind1": "\\",
        "ind2": "7",
        "subfields": [
          {
            "a": "United States."
          },
          {
            "2": "fast"
          },
          {
            "0": "(OCoLC)fst01204155"
          }
        ]
      }
    },
    {
      "700": {
        "ind1": "1",
        "ind2": "\\",
        "subfields": [
          {
            "a": "Mincy, Ronald B."
          }
        ]
      }
    },
    {
      "776": {
        "ind1": "0",
        "ind2": "8",
        "subfields": [
          {
            "i": "Online version:"
          },
          {
            "t": "Black males left behind."
          },
          {
            "d": "Washington, DC : Urban Institute Press, \u00a92006"
          },
          {
            "w": "(OCoLC)607526976"
          }
        ]
      }
    },
    {
      "776": {
        "ind1": "0",
        "ind2": "8",
        "subfields": [
          {
            "i": "Online version:"
          },
          {
            "t": "Black males left behind."
          },
          {
            "d": "Washington, DC : Urban Institute Press, \u00a92006"
          },
          {
            "w": "(OCoLC)607752242"
          }
        ]
      }
    },
    {
      "856": {
        "ind1": "4",
        "ind2": "1",
        "subfields": [
          {
            "3": "Table of contents"
          },
          {
            "u": "http://catdir.loc.gov/catdir/toc/ecip064/2005035457.html"
          }
        ]
      }
    },
    {
      "994": {
        "ind1": "\\",
        "ind2": "\\",
        "subfields": [
          {
            "a": "Z0"
          },
          {
            "b": "NYRVC"
          }
        ]
      }
    },
    {
      "948": {
        "ind1": "\\",
        "ind2": "\\",
        "subfields": [
          {
            "h": "NO HOLDINGS IN NYRVC - 624 OTHER HOLDINGS"
          }
        ]
      }
    },
    {
      "999": {
        "ind1": "\\",
        "ind2": "\\",
        "subfields": [
          {
            "a": "00000000039636"
          }
        ]
      }
    }
  ]
}